% Formal Methods
@inproceedings{james2013verification,
	title={Verification of solid state interlocking programs},
	author={James, Phillip and Lawrence, Andy and Moller, Faron and Roggenbach, Markus and Seisenberger, Monika and Setzer, Anton and Kanso, Karim and Chadwick, Simon},
	booktitle={International Conference on Software Engineering and Formal Methods},
	pages={253--268},
	year={2013},
	organization={Springer}

@article{kanso2009automated,
	title={Automated verification of signalling principles in railway interlocking systems},
	author={Kanso, Karim and Moller, Faron and Setzer, Anton},
	journal={Electronic Notes in Theoretical Computer Science},
	volume={250},
	number={2},
	pages={19--31},
	year={2009},
	publisher={Elsevier}
}

@inproceedings{groote1995safety,
	title={The safety guaranteeing system at station Hoorn-Kersenboogerd},
	author={Groote, Jan Frisco and van Vlijmen, Sebastiaan FM and Koorn, Jan WC},
	booktitle={COMPASS'95 Proceedings of the Tenth Annual Conference on Computer Assurance Systems Integrity, Software Safety and Process Security'},
	pages={57--68},
	year={1995},
	organization={IEEE}
}

@inproceedings{haxthausen2008modelling,
	title={Modelling and verification of relay interlocking systems},
	author={Haxthausen, Anne E and Bliguet, Marie Le and Kj{\ae}r, Andreas A},
	booktitle={Monterey Workshop},
	pages={141--153},
	year={2008},
	organization={Springer}
}

@inproceedings{fokkink1998verification,
	title={Verification of interlockings: from control tables to ladder logic diagrams},
	author={Fokkink, Wan and Hollingshead, Paul and Groote, J and Luttik, S and van Wamel, J},
	booktitle={Proceedings of FMICS},
	volume={98},
	pages={171--185},
	year={1998}
}
@article{fantechi2012some,
	title={Some trends in formal methods applications to railway signaling},
	author={Fantechi, Alessandro and Fokkink, Wan and Morzenti, Angelo},
	journal={Formal methods for industrial critical systems: A survey of applications},
	pages={61--84},
	year={2012},
	publisher={John Wiley \& Sons}
}
@incollection{ferrari2011model,
	title={Model checking interlocking control tables},
	author={Ferrari, Alessio and Magnani, Gianluca and Grasso, Daniele and Fantechi, Alessandro},
	booktitle={FORMS/FORMAT 2010},
	pages={107--115},
	year={2011},
	publisher={Springer}
}



% Reinforcement Learning
@article{watkins1992q,
	title={Q-learning},
	author={Watkins, Christopher JCH and Dayan, Peter},
	journal={Machine learning},
	volume={8},
	number={3},
	pages={279--292},
	year={1992},
	publisher={Springer}
}
@article{kakade2001natural,
	title={A natural policy gradient},
	author={Kakade, Sham M},
	journal={Advances in neural information processing systems},
	volume={14},
	year={2001}
}


% Deep Learning 
@article{lecun2015deep,
	title={Deep learning},
	author={LeCun, Yann and Bengio, Yoshua and Hinton, Geoffrey},
	journal={nature},
	volume={521},
	number={7553},
	pages={436--444},
	year={2015},
	publisher={Nature Publishing Group}
}


% RL Applications
@book{sutton2018reinforcement,
	title={Reinforcement learning: An introduction},
	author={Sutton, Richard S and Barto, Andrew G},
	year={2018},
	publisher={MIT press}
}

@article{mnih2013playing,
	title={Playing atari with deep reinforcement learning},
	author={Mnih, Volodymyr and Kavukcuoglu, Koray and Silver, David and Graves, Alex and Antonoglou, Ioannis and Wierstra, Daan and Riedmiller, Martin},
	journal={arXiv preprint arXiv:1312.5602},
	year={2013}
}

@article{schaul2015prioritized,
	title={Prioritized experience replay},
	author={Schaul, Tom and Quan, John and Antonoglou, Ioannis and Silver, David},
	journal={arXiv preprint arXiv:1511.05952},
	year={2015}
}


@article{silver2016mastering,
	title={Mastering the game of Go with deep neural networks and tree search},
	author={Silver, David and Huang, Aja and Maddison, Chris J and Guez, Arthur and Sifre, Laurent and Van Den Driessche, George and Schrittwieser, Julian and Antonoglou, Ioannis and Panneershelvam, Veda and Lanctot, Marc and others},
	journal={nature},
	volume={529},
	number={7587},
	pages={484--489},
	year={2016},
	publisher={Nature Publishing Group}
}

@article{vinyals2019grandmaster,
	title={Grandmaster level in StarCraft II using multi-agent reinforcement learning},
	author={Vinyals, Oriol and Babuschkin, Igor and Czarnecki, Wojciech M and Mathieu, Micha{\"e}l and Dudzik, Andrew and Chung, Junyoung and Choi, David H and Powell, Richard and Ewalds, Timo and Georgiev, Petko and others},
	journal={Nature},
	volume={575},
	number={7782},
	pages={350--354},
	year={2019},
	publisher={Nature Publishing Group}
}

@inproceedings{gu2017deep,
	title={Deep reinforcement learning for robotic manipulation with asynchronous off-policy updates},
	author={Gu, Shixiang and Holly, Ethan and Lillicrap, Timothy and Levine, Sergey},
	booktitle={2017 IEEE international conference on robotics and automation (ICRA)},
	pages={3389--3396},
	year={2017},
	organization={IEEE}
}

@inproceedings{bloesch2022towards,
	title={Towards Real Robot Learning in the Wild: A Case Study in Bipedal Locomotion},
	author={Bloesch, Michael and Humplik, Jan and Patraucean, Viorica and Hafner, Roland and Haarnoja, Tuomas and Byravan, Arunkumar and Siegel, Noah Yamamoto and Tunyasuvunakool, Saran and Casarini, Federico and Batchelor, Nathan and others},
	booktitle={Conference on Robot Learning},
	pages={1502--1511},
	year={2022},
	organization={PMLR}
}

@article{mazyavkina2021reinforcement,
	title={Reinforcement learning for combinatorial optimization: A survey},
	author={Mazyavkina, Nina and Sviridov, Sergey and Ivanov, Sergei and Burnaev, Evgeny},
	journal={Computers \& Operations Research},
	volume={134},
	pages={105400},
	year={2021},
	publisher={Elsevier}
}

% DRL ALgorithms
@misc{mnih2016asynchronous,
	title={Asynchronous Methods for Deep Reinforcement Learning}, 
	author={Volodymyr Mnih and Adrià Puigdomènech Badia and Mehdi Mirza and Alex Graves and Timothy P. Lillicrap and Tim Harley and David Silver and Koray Kavukcuoglu},
	year={2016},
	eprint={1602.01783},
	archivePrefix={arXiv},
	primaryClass={cs.LG}
}

@misc{schulman2017proximal,
	title={Proximal Policy Optimization Algorithms}, 
	author={John Schulman and Filip Wolski and Prafulla Dhariwal and Alec Radford and Oleg Klimov},
	year={2017},
	eprint={1707.06347},
	archivePrefix={arXiv},
	primaryClass={cs.LG}
}

@misc{baker2020emergent,
	title={Emergent Tool Use From Multi-Agent Autocurricula}, 
	author={Bowen Baker and Ingmar Kanitscheider and Todor Markov and Yi Wu and Glenn Powell and Bob McGrew and Igor Mordatch},
	year={2020},
	eprint={1909.07528},
	archivePrefix={arXiv},
	primaryClass={cs.LG}
}

% Actor Critic Methods
@misc{schulman2017trust,
	title={Trust Region Policy Optimization}, 
	author={John Schulman and Sergey Levine and Philipp Moritz and Michael I. Jordan and Pieter Abbeel},
	year={2017},
	eprint={1502.05477},
	archivePrefix={arXiv},
	primaryClass={cs.LG}
}
% Learning over large graph structures
@article{manchanda2019learning,
	title={Learning heuristics over large graphs via deep reinforcement learning},
	author={Manchanda, Sahil and Mittal, Akash and Dhawan, Anuj and Medya, Sourav and Ranu, Sayan and Singh, Ambuj},
	journal={arXiv preprint arXiv:1903.03332},
	year={2019}
}

% Distributed RL
@article{hoffman2020acme,
	title={Acme: A research framework for distributed reinforcement learning},
	author={Hoffman, Matt and Shahriari, Bobak and Aslanides, John and Barth-Maron, Gabriel and Behbahani, Feryal and Norman, Tamara and Abdolmaleki, Abbas and Cassirer, Albin and Yang, Fan and Baumli, Kate and others},
	journal={arXiv preprint arXiv:2006.00979},
	year={2020}
}

% Exploration / Coverage 
@article{gordillo2021improving,
	title={Improving playtesting coverage via curiosity driven reinforcement learning agents},
	author={Gordillo, Camilo and Bergdahl, Joakim and Tollmar, Konrad and Gissl{\'e}n, Linus},
	journal={arXiv preprint arXiv:2103.13798},
	year={2021}
}

% Improvments to approach
@misc{wang2017sample,
	title={Sample Efficient Actor-Critic with Experience Replay}, 
	author={Ziyu Wang and Victor Bapst and Nicolas Heess and Volodymyr Mnih and Remi Munos and Koray Kavukcuoglu and Nando de Freitas},
	year={2017},
	eprint={1611.01224},
	archivePrefix={arXiv},
	primaryClass={cs.LG}
}

@misc{haarnoja2018soft,
	title={Soft Actor-Critic: Off-Policy Maximum Entropy Deep Reinforcement Learning with a Stochastic Actor}, 
	author={Tuomas Haarnoja and Aurick Zhou and Pieter Abbeel and Sergey Levine},
	year={2018},
	eprint={1801.01290},
	archivePrefix={arXiv},
	primaryClass={cs.LG}
}

@misc{ostrovski2017countbased,
	title={Count-Based Exploration with Neural Density Models}, 
	author={Georg Ostrovski and Marc G. Bellemare and Aaron van den Oord and Remi Munos},
	year={2017},
	eprint={1703.01310},
	archivePrefix={arXiv},
	primaryClass={cs.AI}
}
@misc{houthooft2017vime,
title={VIME: Variational Information Maximizing Exploration}, 
author={Rein Houthooft and Xi Chen and Yan Duan and John Schulman and Filip De Turck and Pieter Abbeel},
year={2017},
eprint={1605.09674},
archivePrefix={arXiv},
primaryClass={cs.LG}
}
@misc{espeholt2018impala,
	title={IMPALA: Scalable Distributed Deep-RL with Importance Weighted Actor-Learner Architectures}, 
	author={Lasse Espeholt and Hubert Soyer and Remi Munos and Karen Simonyan and Volodymir Mnih and Tom Ward and Yotam Doron and Vlad Firoiu and Tim Harley and Iain Dunning and Shane Legg and Koray Kavukcuoglu},
	year={2018},
	eprint={1802.01561},
	archivePrefix={arXiv},
	primaryClass={cs.LG}
}


% Invariant Finding
@INPROCEEDINGS{1688959,
	
	author={Awedh, M. and Somenzi, F.},
	
	booktitle={2006 43rd ACM/IEEE Design Automation Conference}, 
	
	title={Automatic invariant strengthening to prove properties in bounded model checking}, 
	
	year={2006},
	
	volume={},
	
	number={},
	
	pages={1073-1076},
	
	doi={10.1145/1146909.1147180}}
	
	
@inproceedings{case2007automated,
title={Automated extraction of inductive invariants to aid model checking},
author={Case, Michael L and Mishchenko, Alan and Brayton, Robert K},
booktitle={Formal Methods in Computer Aided Design (FMCAD'07)},
pages={165--172},
year={2007},
organization={IEEE}
}

@inproceedings{bensalem1996powerful,
title={Powerful techniques for the automatic generation of invariants},
author={Bensalem, Saddek and Lakhnech, Yassine and Saidi, Hassen},
booktitle={International Conference on Computer Aided Verification},
pages={323--335},
year={1996},
organization={Springer}
}

@inproceedings{tiwari2001technique,
title={A technique for invariant generation},
author={Tiwari, Ashish and Rue{\ss}, Harald and Saidi, Hassen and Shankar, Natarajan},
booktitle={International Conference on Tools and Algorithms for the Construction and Analysis of Systems},
pages={113--127},
year={2001},
organization={Springer}
}

@article{garg2016learning,
title={Learning invariants using decision trees and implication counterexamples},
author={Garg, Pranav and Neider, Daniel and Madhusudan, Parthasarathy and Roth, Dan},
journal={ACM Sigplan Notices},
volume={51},
number={1},
pages={499--512},
year={2016},
publisher={ACM New York, NY, USA}
}
