% Deep Learning 
@article{lecun2015deep,
	title={Deep learning},
	author={LeCun, Yann and Bengio, Yoshua and Hinton, Geoffrey},
	journal={nature},
	volume={521},
	number={7553},
	pages={436--444},
	year={2015},
	publisher={Nature Publishing Group}
}


% RL Applications
@book{sutton2018reinforcement,
	title={Reinforcement learning: An introduction},
	author={Sutton, Richard S and Barto, Andrew G},
	year={2018},
	publisher={MIT press}
}

@article{mnih2013playing,
	title={Playing atari with deep reinforcement learning},
	author={Mnih, Volodymyr and Kavukcuoglu, Koray and Silver, David and Graves, Alex and Antonoglou, Ioannis and Wierstra, Daan and Riedmiller, Martin},
	journal={arXiv preprint arXiv:1312.5602},
	year={2013}
}

@article{schaul2015prioritized,
	title={Prioritized experience replay},
	author={Schaul, Tom and Quan, John and Antonoglou, Ioannis and Silver, David},
	journal={arXiv preprint arXiv:1511.05952},
	year={2015}
}


@article{silver2016mastering,
	title={Mastering the game of Go with deep neural networks and tree search},
	author={Silver, David and Huang, Aja and Maddison, Chris J and Guez, Arthur and Sifre, Laurent and Van Den Driessche, George and Schrittwieser, Julian and Antonoglou, Ioannis and Panneershelvam, Veda and Lanctot, Marc and others},
	journal={nature},
	volume={529},
	number={7587},
	pages={484--489},
	year={2016},
	publisher={Nature Publishing Group}
}

@article{vinyals2019grandmaster,
	title={Grandmaster level in StarCraft II using multi-agent reinforcement learning},
	author={Vinyals, Oriol and Babuschkin, Igor and Czarnecki, Wojciech M and Mathieu, Micha{\"e}l and Dudzik, Andrew and Chung, Junyoung and Choi, David H and Powell, Richard and Ewalds, Timo and Georgiev, Petko and others},
	journal={Nature},
	volume={575},
	number={7782},
	pages={350--354},
	year={2019},
	publisher={Nature Publishing Group}
}

@inproceedings{gu2017deep,
	title={Deep reinforcement learning for robotic manipulation with asynchronous off-policy updates},
	author={Gu, Shixiang and Holly, Ethan and Lillicrap, Timothy and Levine, Sergey},
	booktitle={2017 IEEE international conference on robotics and automation (ICRA)},
	pages={3389--3396},
	year={2017},
	organization={IEEE}
}

@inproceedings{bloesch2022towards,
	title={Towards Real Robot Learning in the Wild: A Case Study in Bipedal Locomotion},
	author={Bloesch, Michael and Humplik, Jan and Patraucean, Viorica and Hafner, Roland and Haarnoja, Tuomas and Byravan, Arunkumar and Siegel, Noah Yamamoto and Tunyasuvunakool, Saran and Casarini, Federico and Batchelor, Nathan and others},
	booktitle={Conference on Robot Learning},
	pages={1502--1511},
	year={2022},
	organization={PMLR}
}

@article{mazyavkina2021reinforcement,
	title={Reinforcement learning for combinatorial optimization: A survey},
	author={Mazyavkina, Nina and Sviridov, Sergey and Ivanov, Sergei and Burnaev, Evgeny},
	journal={Computers \& Operations Research},
	volume={134},
	pages={105400},
	year={2021},
	publisher={Elsevier}
}

% DRL ALgorithms
@misc{mnih2016asynchronous,
	title={Asynchronous Methods for Deep Reinforcement Learning}, 
	author={Volodymyr Mnih and Adrià Puigdomènech Badia and Mehdi Mirza and Alex Graves and Timothy P. Lillicrap and Tim Harley and David Silver and Koray Kavukcuoglu},
	year={2016},
	eprint={1602.01783},
	archivePrefix={arXiv},
	primaryClass={cs.LG}
}

@misc{schulman2017proximal,
	title={Proximal Policy Optimization Algorithms}, 
	author={John Schulman and Filip Wolski and Prafulla Dhariwal and Alec Radford and Oleg Klimov},
	year={2017},
	eprint={1707.06347},
	archivePrefix={arXiv},
	primaryClass={cs.LG}
}

@misc{baker2020emergent,
	title={Emergent Tool Use From Multi-Agent Autocurricula}, 
	author={Bowen Baker and Ingmar Kanitscheider and Todor Markov and Yi Wu and Glenn Powell and Bob McGrew and Igor Mordatch},
	year={2020},
	eprint={1909.07528},
	archivePrefix={arXiv},
	primaryClass={cs.LG}
}

% Invariant Finding
@INPROCEEDINGS{1688959,
	
	author={Awedh, M. and Somenzi, F.},
	
	booktitle={2006 43rd ACM/IEEE Design Automation Conference}, 
	
	title={Automatic invariant strengthening to prove properties in bounded model checking}, 
	
	year={2006},
	
	volume={},
	
	number={},
	
	pages={1073-1076},
	
	doi={10.1145/1146909.1147180}}
